@electronic{szeliski2011computer,
  added-at = {2012-10-25T12:42:36.000+0200},
  address = {London; New York},
  author = {Szeliski, Richard},
  biburl = {https://www.bibsonomy.org/bibtex/2f58160db2b03916db911241ed09e2685/daill},
  description = {Computer Vision},
  interhash = {52bc88936329fd66b2af28d393532e40},
  intrahash = {f58160db2b03916db911241ed09e2685},
  isbn = {9781848829343 1848829345 9781848829350 1848829353},
  keywords = {computer vision},
  publisher = {Springer},
  refid = {682910466},
  timestamp = {2012-10-25T12:42:36.000+0200},
  title = {Computer vision algorithms and applications},
  url = {http://dx.doi.org/10.1007/978-1-84882-935-0},
  year = 2011
}



@book{zhangmethod,
  title     = "A Flexible New Technique for Camera Calibration",
  author    = "Zhang, Zhengyou",
  year      = 1988,
}

@online{OpenCV1,
  author = {Satya Mallick},
  title = {Geometry of Image Formation
},
  year = 2020,
  url = {https://learnopencv.com/geometry-of-image-formation/},
}

@online{OpenCV2,
  author = {Kaustubh Sadekar and Satya Mallick},
  title = {Camera Calibration using OpenCV
},
  year = 2020,
  url = {https://learnopencv.com/camera-calibration-using-opencv/},
}


@online{OpenCV3,
  author = {Kaustubh Sadekar},
  title = {Understanding Lens Distortion
},
  year = 2020,
  url = {https://learnopencv.com/understanding-lens-distortion/},
}

@online{TanVision,
    author = {JEREMY STEWARD},
    title = {Camera Modeling: Exploring Distortion and Distortion Models, Part I
},
    year = {2021},
    url = {https://www.tangramvision.com/blog/camera-modeling-exploring-distortion-and-distortion-models-part-i}
}


@online{OpenCVDocs,
url = {https://docs.opencv.org/4.x/dc/dbb/tutorial_py_calibration.html},
}


@online{YTVid,
author = {Nicolai Nielsen},
year = {2021},
url = {https://youtu.be/3h7wgR5fYik?si=bTaToiuFSrKT_Dmd}
}


@online{TV2,
author = {Jeremy Steward},
year = {2021},
url = {https://www.tangramvision.com/blog/camera-modeling-exploring-distortion-and-distortion-models-part-ii}
}

@online{TV3,
author = {Brandon Minor and Jeremy Steward},
year = {2023},
url = {https://www.tangramvision.com/blog/camera-modeling-exploring-distortion-and-distortion-models-part-iii}
}
